<?xml version="1.0" encoding="utf-8"?>
<record xmlns="http://www.loc.gov/MARC21/slim" xmlns:xsi="http://www.w3.org/2001/XMLSchema-instance" xsi:schemaLocation="http://www.loc.gov/MARC21/slim http://www.loc.gov/standards/marcxml/schema/MARC21slim.xsd">
	<leader>     nam a22        4500</leader>
	<controlfield tag="001">3368389</controlfield>
	<controlfield tag="003">NNC</controlfield>
	<controlfield tag="006">m        d        </controlfield>
	<controlfield tag="007">cr cn |||m|||a</controlfield>
	<controlfield tag="008">160519m19511968sy afj  ob    001 0 arao </controlfield>
	<datafield ind1=" " ind2=" " tag="040">
		<subfield code="a">NNU</subfield>
		<subfield code="b">eng</subfield>
		<subfield code="e">rda</subfield>
		<subfield code="c">NNU</subfield>
	</datafield>
	<datafield ind1=" " ind2=" " tag="043">
		<subfield code="a">a-sy---</subfield>
	</datafield>
	<datafield ind1="0" ind2="0" tag="050">
		<subfield code="a">DS99.A56</subfield>
		<subfield code="b">I2</subfield>
	</datafield>
	<datafield ind1="1" ind2=" " tag="100">
		<subfield code="6">880-01</subfield>
		<subfield code="a">Ibn al-ʻAdīm, Kamāl al-Dīn ʻUmar ibn Aḥmad,</subfield>
		<subfield code="d">1192-1262.</subfield>
	</datafield>
	<datafield ind1="1" ind2="0" tag="240">
		<subfield code="6">880-02</subfield>
		<subfield code="a">tārīkh Ḥalab </subfield>
	</datafield>
	<datafield ind1="1" ind2="0" tag="245">
		<subfield code="6">880-03</subfield>
		<subfield code="a">Zubdat al-ḥalab min tārīkh Ḥalab /</subfield>
		<subfield code="c">taʼlīf Kamāl al-Dīn Abī al-Qāsim ʻUmar ibn Aḥmad ibn Hibat Allāh ibn al-ʻAdīm ; ʻuniya bi-nashrihi wa-taḥqīqihi wa-waḍaʻa fahārisahu Sāmī al-Dahhān.</subfield>
	</datafield>
	<datafield ind1="1" ind2="5" tag="246">
		<subfield code="a">Histoire d'Alep</subfield>
	</datafield>
	<datafield ind1=" " ind2=" " tag="260">
		<subfield code="6">880-04</subfield>
		<subfield code="a">[Dimashq] :</subfield>
		<subfield code="b">al-Maʻhad al-Faransī bi-Dimashq lil-Dirāsāt al-ʻArabīyah,</subfield>
		<subfield code="c">1951-1968.</subfield>
	</datafield>
	<datafield ind1=" " ind2=" " tag="300">
		<subfield code="a">online resource (3 volumes, 8 leaves of plates) :</subfield>
		<subfield code="b">illustrations, genealogical table</subfield>
	</datafield>
	<datafield ind1=" " ind2=" " tag="336">
		<subfield code="a">text</subfield>
		<subfield code="2">rdacontent</subfield>
	</datafield>
	<datafield ind1=" " ind2=" " tag="337">
		<subfield code="a">computer</subfield>
		<subfield code="2">rdamedia</subfield>
	</datafield>
	<datafield ind1=" " ind2=" " tag="338">
		<subfield code="a">online resource</subfield>
		<subfield code="2">rdacarrier</subfield>
	</datafield>
	<datafield ind1=" " ind2=" " tag="500">
		<subfield code="a">Added t.p.: Histoire d'Alep / par Kamāl ad-Dīn Ibn al-ʻAdīm.</subfield>
	</datafield>
	<datafield ind1=" " ind2=" " tag="500">
		<subfield code="a">Part of the Arabic Collections Online (ACO) project, contributed by Columbia University Libraries.</subfield>
	</datafield>
	<datafield ind1=" " ind2=" " tag="504">
		<subfield code="a">Includes bibliographical references and indexes.</subfield>
	</datafield>
	<datafield ind1="0" ind2=" " tag="505">
		<subfield code="6">880-05</subfield>
		<subfield code="a">al-juzʼ1. 1 H.-457 H. [622-1064] -- al-juzʼ 2. 457 H.-569 H. [1064-1173] -- al-juzʼ 3. 569 H.-641 H. [1173-1243].</subfield>
	</datafield>
	<datafield ind1=" " ind2=" " tag="533">
		<subfield code="a">Electronic reproduction.</subfield>
		<subfield code="b">New York, N.Y. :</subfield>
		<subfield code="c">New York University,</subfield>
		<subfield code="d">2016.</subfield>
		<subfield code="5">NNU</subfield>
	</datafield>
	<datafield ind1=" " ind2="0" tag="651">
		<subfield code="a">Aleppo (Syria)</subfield>
		<subfield code="x">History.</subfield>
	</datafield>
	<datafield ind1=" " ind2="7" tag="651">
		<subfield code="a">Syria</subfield>
		<subfield code="z">Aleppo.</subfield>
		<subfield code="2">fast</subfield>
		<subfield code="0">(OCoLC)fst01213345</subfield>
	</datafield>
	<datafield ind1=" " ind2="7" tag="655">
		<subfield code="a">History.</subfield>
		<subfield code="2">fast</subfield>
		<subfield code="0">(OCoLC)fst01411628</subfield>
	</datafield>
	<datafield ind1="1" ind2=" " tag="700">
		<subfield code="6">880-06</subfield>
		<subfield code="a">Dahhān, Sāmī.</subfield>
	</datafield>
	<datafield ind1="2" ind2=" " tag="710">
		<subfield code="a">Columbia University.</subfield>
		<subfield code="b">Libraries.</subfield>
	</datafield>
	<datafield ind1="0" ind2=" " tag="730">
		<subfield code="a">Arabic Collections Online.</subfield>
	</datafield>
	<datafield ind1="0" ind2="8" tag="776">
		<subfield code="i">Online version:</subfield>
		<subfield code="a">Ibn al-ʻAdīm, Kamāl al-Dīn ʻUmar ibn Aḥmad, 1192-1262.</subfield>
		<subfield code="t">Zubdat al-ḥalab min tārīkh Ḥalab.</subfield>
		<subfield code="d">[Dimashq] al-Maʻhad al-Faransī bi-Dimashq lil-Dirāsāt al-ʻArabīyah [1951-68]</subfield>
		<subfield code="w">(OCoLC)632128429</subfield>
	</datafield>
	<datafield ind1="0" ind2="8" tag="776">
		<subfield code="i">Print version:</subfield>
		<subfield code="a">Ibn al-ʻAdīm, Kamāl al-Dīn ʻUmar ibn Aḥmad, 1192-1262.</subfield>
		<subfield code="t">Zubdat al-ḥalab min tārīkh Ḥalab</subfield>
		<subfield code="w">(NNC)3368389</subfield>
		<subfield code="w">(DLC)  59023140 </subfield>
		<subfield code="w">(OCoLC)15730187</subfield>
	</datafield>
	<datafield ind1="4" ind2="0" tag="856">
		<subfield code="u">http://hdl.handle.net/2333.1/05qftxhn</subfield>
	</datafield>
	<datafield ind1="1" ind2=" " tag="880">
		<subfield code="6">100-01</subfield>
		<subfield code="a">ابن العديم، كمال الدين عمر بن أحمد،</subfield>
		<subfield code="d">1192-1262.</subfield>
	</datafield>
	<datafield ind1="1" ind2="0" tag="880">
		<subfield code="6">240-02</subfield>
		<subfield code="a">تاريخ حلب</subfield>
	</datafield>
	<datafield ind1="1" ind2="0" tag="880">
		<subfield code="6">245-03</subfield>
		<subfield code="a">زبدة الحلب من تاريخ حلب /</subfield>
		<subfield code="c">تأليف كمال الدين أبي القاسم عمر ابن احمد بن هبة الله العاديم ؛ عني بنشره وتحقيقه ووضع فهارسه سامي الدهان.</subfield>
	</datafield>
	<datafield ind1=" " ind2=" " tag="880">
		<subfield code="6">260-04</subfield>
		<subfield code="a">دمشق :</subfield>
		<subfield code="b">المعهد الفرنسي بدمشق للدراسات العربية،</subfield>
		<subfield code="c">١٩٦٨.</subfield>
	</datafield>
	<datafield ind1="0" ind2=" " tag="880">
		<subfield code="6">505-05</subfield>
		<subfield code="a">الجزء1. 1 ه.-457 ه. -- الجزء 2. 457 ه.-569 ه. -- الجزء 3. 569 ه.-641 ه.</subfield>
	</datafield>
	<datafield ind1="1" ind2=" " tag="880">
		<subfield code="6">700-06</subfield>
		<subfield code="a">سامي الدهان.</subfield>
	</datafield>
	<datafield ind1=" " ind2=" " tag="959">
		<subfield code="a">NNU</subfield>
		<subfield code="b">WEB</subfield>
		<subfield code="c">GENI</subfield>
		<subfield code="t">0</subfield>
		<subfield code="m">Electronic access</subfield>
		<subfield code="s">01</subfield>
	</datafield>
	<datafield ind1=" " ind2=" " tag="999">
		<subfield code="i">NNC_3368389</subfield>
		<subfield code="o">(OCoLC)ocm15730187</subfield>
		<subfield code="s">columbia_aco001432:v.1</subfield>
		<subfield code="s">columbia_aco001433:v.2</subfield>
		<subfield code="e">(ERROR-880)</subfield>
		<subfield code="s">columbia_aco001432:v.1</subfield>
		<subfield code="s">columbia_aco001433:v.2</subfield>
	</datafield>
</record>
